<?xml version="1.0" encoding="UTF-8"?><collection xmlns="http://www.loc.gov/MARC21/slim"><record><leader>00432nam--2200133-i-4500</leader><controlfield tag="001">000038014</controlfield><controlfield tag="002">20161230</controlfield><controlfield tag="005">20161230201041</controlfield><controlfield tag="008">060222s1000------------r-----000-0-eng-d</controlfield><datafield ind1=" " ind2=" " tag="080"><subfield code="a">541</subfield></datafield><datafield ind1=" " ind2=" " tag="100"><subfield code="a">Revatin, Jacques</subfield></datafield><datafield ind1=" " ind2=" " tag="245"><subfield code="a">Etude de systemes quantiques par l`emploi de graphes. appl.a la methode de la mesomerie et theories de perturbations associees. theses</subfield></datafield><datafield ind1=" " ind2=" " tag="260"><subfield code="a">Lyon, La Faculte Des Sciences, 1965, 90p</subfield></datafield><datafield ind1=" " ind2=" " tag="852"><subfield code="a">25359</subfield></datafield></record></collection>